%%%%%%%%%%%%%%%%%%%%%%%%%%%%%%%%%%%%%%%%%%%%%%%%%%%%%%%%%%%% 
% Exemplos
%%%%%%%%%%%%%%%%%%%%%%%%%%%%%%%%%%%%%%%%%%%%%%%%%%%%%%%%%%%% 

@book{atalho,
    author    = {Autor}, 
    title     = {Nome do livro},
    publisher = {Editora},
    journal   = {Editora},
    year      = {ano},
    volume    = {volume},
    series    = {serie},
    pages     = {paginas},
    address   = {Endereço},
    edition   = {edição},
    month     = {mês},
    note      = {Anotação},
    isbn      = {ISBN}
}

@ABNT-options{referencias,
    abnt-emphasize              ="\textbf",
    abnt-repeated-field-omit    ="no",
    abnt-full-initials          ="no",
    abnt-show-options           ="list",
    abnt-thesis-year            ="final",
    abnt-etal-list              =3,
    key                         ="aaaa"
}

%%%%%%%%%%%%%%%%%%%%%%%%%%%%%%%%%%%%%%%%%%%%%%%%%%%%%%%%%%%% 
% Referencias Letícia
%%%%%%%%%%%%%%%%%%%%%%%%%%%%%%%%%%%%%%%%%%%%%%%%%%%%%%%%%%%%

%______________________INRODUÇÃO______________
@book{ref:Ewusi_Mensah,
  title=        {\textbf{Software development failures: anatomy of abandoned projects}},
  author=       {Ewusi-Mensah, Kweku},
  year=         {2003},
  publisher=    {Cambridge, Massachusetts : MIT Press}
}



@misc{introart1,
    author = {Lee Payne},
    title = {The Modern Industrial Workhorse: PID Controllers},
    year = {2014},
    url = {https://www.techbriefs.com/component/content/article/tb/pub/features/articles/20013},
    urlaccessdate = {18 nov 2023},
}
@misc{introart2,
    author = {Merle Likins},
    title = {PID tuning improves process efficiency},
    year = {2013},
    url = {https://www.controleng.com/articles/pid-tuning-improves-process-efficiency/},
    urlaccessdate = {18 nov 2023},
}
@misc{introart3,
    author = {Riddhiman},
    title = {Eight Advantages of Python Over Matlab},
    year = {2016},
    url = {https://www.r-bloggers.com/2016/01/eight-advantages-of-python-over-matlab/},
    urlaccessdate = {18 nov 2023},
}


%________________________FUNDAMENTAÇÃO_________________________

@book{ogata2010engenharia,
    title={Engenharia de Controle Moderno},
    author={Ogata, K.},
    isbn={9788576058106},
    edition = {5},
    year={2010},
    publisher={Pearson Universidades},
    pages     = {822}
}

@book{CoelhoIdentificacao,
    author = {Antônio Augusto Rodrigues Coelho and Leandro dos Santos Coelho},
    title = {Identificação de Sistemas Dinâmicos Lineares},
    publisher = {EDITORA DA UFSC},
    year = {2004},
    address = {Florianópolis},
    edition = {1},
    isbn = {853280280-X},
    pages = {181}
}

@misc{apostpidsint,
  author       = {Eduardo Aoun Tannuri, Prof. Dr.},
  title        = {Apostila sobre PID e Métodos de Sintonia},
  howpublished = {Departamento de Engenharia Mecatrônica e Sistemas Mecânicos, Escola Politécnica da Universidade de São Paulo},
  url          = {https://edisciplinas.usp.br/pluginfile.php/5123982/mod_resource/content/1/Apostila%20sobre%20PID%20e%20M%C3%A9todos%20de%20Sintonia.pdf},
  year         = {Ano Desconhecido},
  note         = {Último acesso em 03/11/2023}
}

@misc{pipy,
    title=          {Python Package Index},
    author=         {{Python Software Foundation}},
	url =           {https://pypi.org/},
	urlaccessdate = {17 nov 2023},
	year=           {2023}
}
@misc{pydocs,
    title=          {Python documentation},
    author=         {{Python Software Foundation}},
	url =           {https://docs.python.org/3/index.html},
	urlaccessdate = {17 nov 2023},
	year=           {2023}
}
@misc{pip,
    title=          {pip - The Python Package Installer},
    author=         {{Python Packaging Authority}},
	url =           {https://pypi.org/project/pip/},
	urlaccessdate = {17 nov 2023},
	year=           {2023}
}

@misc{sphinx,
    title=          {Sphinx Documentation},
    author=         {{Python Software Foundation}},
	url =           {https://www.sphinx-doc.org},
	urlaccessdate = {17 nov 2023},
	year=           {2023}
}

@misc{rtd,
    title=          {Read the Docs},
    author=         {{Read the Docs, Inc}},
	url =           {https://readthedocs.org},
	urlaccessdate = {17 nov 2023},
	year=           {2023}
}

@misc{ctrlib,
    author = {{Python Control Systems Library Documentation}},
    title = {Python Control Systems Library},
    year = {2023},
    url = {https://python-control.readthedocs.io},
    urlaccessdate = {17 nov 2023},
}

@misc{numpy,
    author = {{NumPy Developers}},
    title = {NumPy},
    year = {2023},
    url = {https://numpy.org/doc/stable/},
    urlaccessdate = {17 nov 2023},
}

@misc{pandas,
    author = {{Pandas Development Team}},
    title = {Pandas},
    year = {2023},
    url = {https://pandas.pydata.org/pandas-docs/stable/},
    urlaccessdate = {17 nov 2023},
}

@misc{sympy,
    author = {{SymPy Development Team}},
    title = {SymPy},
    year = {2023},
    url = {https://docs.sympy.org/latest/},
    urlaccessdate = {17 nov 2023},
}

@misc{matplotlib,
    author = {{Matplotlib Development Team}},
    title = {Matplotlib},
    year = {2023},
    url = {https://matplotlib.org/stable/},
    urlaccessdate = {17 nov 2023},
}

@misc{git,
    author = {{Git Development Team}},
    title = {Git},
    year = {2023},
    url = {https://git-scm.com/doc},
    urlaccessdate = {17 nov 2023},
}

@misc{github,
    author = {{GitHub, Inc.}},
    title = {GitHub},
    year = {2023},
    url = {https://docs.github.com/en},
    urlaccessdate = {17 nov 2023},
}

@misc{mypy,
    author = {{Mypy Development Team}},
    title = {Mypy},
    year = {2023},
    url = {http://mypy-lang.org/},
    urlaccessdate = {17 nov 2023},
}

@misc{flake8,
    author = {{Flake8 Development Team}},
    title = {Flake8},
    year = {2023},
    url = {https://flake8.pycqa.org/en/latest/},
    urlaccessdate = {17 nov 2023},
}

@misc{pytest,
    author = {{Pytest Development Team}},
    title = {Pytest},
    year = {2023},
    url = {https://docs.pytest.org/en/stable/},
    urlaccessdate = {17 nov 2023},
}

@misc{tox,
    author = {{Tox Development Team}},
    title = {Tox},
    year = {2023},
    url = {https://tox.readthedocs.io/en/latest/},
    urlaccessdate = {17 nov 2023},
}

% desenvolvimento
@book{met,
  title={UML: Metodologias e Ferramentas Case},
  author={Silva, A.M.R. and Videira, C.A.E.},
  year={2001},
  publisher={Centro Atlântico},
  address={Lisboa}
}

@misc{auto_test_vid,
    author = {James Murphy},
    title = {Automated Testing in Python with pytest, tox, and GitHub Actions},
    url = {https://www.youtube.com/watch?v=DhUpxWjOhME&t=508s&ab_channel=mCoding},
    year = {2021},
    urlaccessdate = {18 nov 2023},
}

@misc{usegit,
    author = {Rob Rawson},
    title = {2023 Version Control Software Comparison: SVN, Git, Mercurial},
    url = {https://www.timedoctor.com/blog/git-mecurial-and-cvs-comparison-of-svn-software/},
    year = {2023},
    urlaccessdate = {18 nov 2023},
}


% sugs

@article{skoge,
  title={The Setpoint Overshoot Method: A Simple and Fast Closed-Loop Approach for PID Tuning},
  author={Shamsuzzoha, Mohammad and Skogestad, Sigurd},
  journal={Journal of Process Control},
  volume={20},
  number={10},
  pages={1220--1234},
  year={2010},
  publisher={Elsevier}
}

@article{gpsopt,
  title={A new gradient based particle swarm optimization algorithm for accurate computation of global minimum},
  author={Noel, Mathew M.},
  journal={Applied Soft Computing},
  volume={12},
  number={1},
  pages={353--359},
  year={2012},
  publisher={Elsevier},
  doi={10.1016/j.asoc.2011.08.037}
}